<?xml version="1.0" encoding="UTF-8"?><collection xmlns="http://www.loc.gov/MARC21/slim"><record><leader>00562nam--2200193-i-4500</leader><controlfield tag="001">000012135</controlfield><controlfield tag="002">20161230</controlfield><controlfield tag="005">20161230201029</controlfield><controlfield tag="008">060222s1000------------r-----000-0-fre-d</controlfield><datafield ind1=" " ind2=" " tag="040"><subfield code="a">IFIN-HH</subfield></datafield><datafield ind1=" " ind2=" " tag="041"><subfield code="a">fre</subfield></datafield><datafield ind1=" " ind2=" " tag="080"><subfield code="a">537.531:546.294(045)</subfield></datafield><datafield ind1="1" ind2=" " tag="100"><subfield code="a">Cauchois, Y</subfield></datafield><datafield ind1="1" ind2="0" tag="245"><subfield code="a">Emission x caracteristique d`elements a l`etat gazeux. raies faibles dans le spectra k du krypton</subfield><subfield code="c">Y. cauchois, horia hulubei</subfield></datafield><datafield ind1=" " ind2=" " tag="260"><subfield code="a">Paris</subfield><subfield code="b">Gauthier-villars</subfield><subfield code="c">1933</subfield></datafield><datafield ind1=" " ind2=" " tag="300"><subfield code="a">3 P</subfield></datafield><datafield ind1="1" ind2=" " tag="700"><subfield code="a">Hulubei, Horia</subfield></datafield><datafield ind1=" " ind2=" " tag="852"><subfield code="a">44665</subfield><subfield code="c">H.H</subfield></datafield><datafield ind1=" " ind2=" " tag="CAT"><subfield code="a">Sys</subfield><subfield code="c">20130416</subfield><subfield code="h">172816</subfield></datafield></record></collection>